%% This BibTeX bibliography file was created using BibDesk.
%% http://bibdesk.sourceforge.net/


%% Created for Ana B. Pelegrina at 2013-03-13 16:09:13 +0100 


%% Saved with string encoding Unicode (UTF-8) 



@inproceedings{COMPAESTH,
 author = {Hoenig, Florian},
 title = {Defining computational aesthetics},
 booktitle = {Proceedings of the First Eurographics conference on Computational Aesthetics in Graphics, Visualization and Imaging},
 series = {Computational Aesthetics'05},
 year = {2005},
 isbn = {3-905673-27-4},
 location = {Girona, Spain},
 pages = {13--18},
 numpages = {6},
 url = {http://dx.doi.org/10.2312/COMPAESTH/COMPAESTH05/013-018},
 doi = {10.2312/COMPAESTH/COMPAESTH05/013-018},
 acmid = {2381222},
 publisher = {Eurographics Association},
 address = {Aire-la-Ville, Switzerland, Switzerland},
} 

@inproceedings{sims1994evolving,
	Author = {Sims, Karl},
	Booktitle = {Proceedings of the 21st annual conference on Computer graphics and interactive techniques},
	Date-Added = {2013-03-13 15:30:05 +0100},
	Date-Modified = {2013-03-13 15:30:05 +0100},
	Organization = {ACM},
	Pages = {15--22},
	Title = {Evolving virtual creatures},
	Year = {1994}}

@inproceedings{aguilar2008robotic,
	Author = {Aguilar, Carlos and Lipson, Hod},
	Booktitle = {Proceedings of the 11th Generative Art Conference (GA2008), Politecnico di Milano University, Milan, Italy},
	Date-Added = {2013-03-13 15:27:57 +0100},
	Date-Modified = {2013-03-13 15:27:57 +0100},
	Title = {A robotic system for interpreting images into painted artwork},
	Year = {2008}}

@article{draves2006electric,
	Author = {Draves, Scott},
	Date-Added = {2013-03-13 15:25:43 +0100},
	Date-Modified = {2013-03-13 15:25:43 +0100},
	Journal = {ACM SIGEVOlution},
	Number = {2},
	Pages = {10--16},
	Publisher = {ACM},
	Title = {The electric sheep},
	Volume = {1},
	Year = {2006}}

@inproceedings{del2005benford,
	Author = {Del Acebo, Esteve and Sbert, Mateu},
	Booktitle = {Computational Aesthetics in Graphics, Visualization and Imaging},
	Date-Added = {2013-03-13 15:11:12 +0100},
	Date-Modified = {2013-03-13 15:11:12 +0100},
	Organization = {The Eurographics Association},
	Pages = {169--176},
	Title = {Benford's law for natural and synthetic images},
	Year = {2005}}

@article{machado1998computing,
	Author = {Machado, Penousal and Cardoso, Am{\'\i}lcar},
	Date-Added = {2013-03-13 15:08:03 +0100},
	Date-Modified = {2013-03-13 15:08:03 +0100},
	Journal = {Advances in Artificial Intelligence},
	Pages = {105--119},
	Publisher = {Springer},
	Title = {Computing aesthetics},
	Year = {1998}}

@book{birkhoff2003aesthetic,
	Author = {Birkhoff, G.D.},
	Date-Added = {2013-03-12 17:33:07 +0100},
	Date-Modified = {2013-03-12 17:33:07 +0100},
	Isbn = {9780766130944},
	Lccn = {33007110},
	Publisher = {Harvard University Press},
	Title = {Aesthetic Measure 1933},
	Url = {http://books.google.es/books?id=F8A-UF8QgckC},
	Year = {2003},
	Bdsk-Url-1 = {http://books.google.es/books?id=F8A-UF8QgckC}}

@book{Birkhoff:1933fk,
	Author = {George David Birkhoff},
	Date-Added = {2013-03-11 17:07:05 +0100},
	Date-Modified = {2013-03-11 17:08:13 +0100},
	Publisher = {Harvard University Press},
	Title = {Aesthetic Measure},
	Year = {1933}}

@article{dipaola2009incorporating,
	Author = {DiPaola, Steve and Gabora, Liane},
	Date-Added = {2013-03-09 14:02:52 +0100},
	Date-Modified = {2013-03-09 14:02:52 +0100},
	Journal = {Genetic Programming and Evolvable Machines},
	Number = {2},
	Pages = {97--110},
	Publisher = {Springer},
	Title = {Incorporating characteristics of human creativity into an evolutionary art algorithm},
	Volume = {10},
	Year = {2009}}

@article{den2011evolving,
	Author = {den Heijer, E and Eiben, A},
	Booktitle = {Applications of Evolutionary Computation},
	Date-Added = {2013-03-09 14:01:59 +0100},
	Date-Modified = {2013-03-12 17:46:38 +0100},
	Journal = {Applications of Evolutionary Computation},
	Pages = {234--243},
	Publisher = {Springer},
	Title = {Evolving art using multiple aesthetic measures},
	Year = {2011}}

@article{li2012investigating,
	Author = {Li, Yang and Hu, Changjun and Chen, Ming and Hu, Jingyuan},
	Date-Added = {2013-03-09 14:01:06 +0100},
	Date-Modified = {2013-03-09 14:01:06 +0100},
	Journal = {Evolutionary and Biologically Inspired Music, Sound, Art and Design},
	Pages = {153--164},
	Publisher = {Springer},
	Title = {Investigating aesthetic features to model human preference in evolutionary art},
	Year = {2012}}

@incollection{galanter2012computational,
	Author = {Galanter, Philip},
	Booktitle = {Computers and Creativity},
	Date-Added = {2013-03-09 13:59:11 +0100},
	Date-Modified = {2013-03-09 13:59:11 +0100},
	Pages = {255--293},
	Publisher = {Springer},
	Title = {Computational aesthetic evaluation: past and future},
	Year = {2012}}

@article{den2012evolving,
	Author = {den Heijer, E and Eiben, A},
	Date-Added = {2013-03-09 13:58:31 +0100},
	Date-Modified = {2013-03-09 13:58:31 +0100},
	Journal = {Evolutionary and Biologically Inspired Music, Sound, Art and Design},
	Pages = {48--59},
	Publisher = {Springer},
	Title = {Evolving Pop Art Using Scalable Vector Graphics},
	Year = {2012}}

@inproceedings{den2010using,
	Author = {den Heijer, E and Eiben, AE},
	Booktitle = {Evolutionary Computation (CEC), 2010 IEEE Congress on},
	Date-Added = {2013-03-09 13:57:01 +0100},
	Date-Modified = {2013-03-09 13:57:01 +0100},
	Organization = {IEEE},
	Pages = {1--8},
	Title = {Using aesthetic measures to evolve art},
	Year = {2010}}

@inproceedings{ross2006evolutionary,
	Author = {Ross, Brian J and Ralph, William and Zong, Hai},
	Booktitle = {Evolutionary Computation, 2006. CEC 2006. IEEE Congress on},
	Date-Added = {2013-03-09 13:56:00 +0100},
	Date-Modified = {2013-03-09 13:56:00 +0100},
	Organization = {IEEE},
	Pages = {1087--1094},
	Title = {Evolutionary image synthesis using a model of aesthetics}}

@article{den2010comparing,
	Author = {Den Heijer, E and Eiben, A},
	Date-Added = {2013-03-08 19:54:14 +0100},
	Date-Modified = {2013-03-08 19:54:14 +0100},
	Journal = {Applications of Evolutionary Computation},
	Pages = {311--320},
	Publisher = {Springer},
	Title = {Comparing aesthetic measures for evolutionary art},
	Year = {2010}}
